@article{ctesconistudio,
  title={Studio e caratterizzazione del sistema Pozyx},
  author={Cristian Tesconi, Luca Crosato},
  journal ={Progetto di Sistemi di Guida e Navigazione},
  year={2018},
}

@article{ptvlocalizzazione,
  title={Localizzazione mista di un veicolo attraverso sensori Lidar e Ultra-wideband},
  author={Do Won Park, Luca Tedeschi, Federico Viviani},
  journal ={Progetto di Sistemi di Guida e Navigazione},
  year={2021},
}

